
@inproceedings{Cortes:2010:AISTATS,
title = {On the Impact of Kernel Approximation on Learning Accuracy},
author  = {Corinna Cortes and Mehryar Mohri and Ameet Talwalkar},
year  = 2010,
booktitle = {AISTATS}
}


@incollection{Natarajan:2013:NIPS,
title = {Learning with Noisy Labels},
author = {Natarajan, Nagarajan and Dhillon, Inderjit S and Ravikumar, Pradeep K and Tewari, Ambuj},
booktitle = {NIPS},
year = {2013},
}


@misc{Caffe:CIFAR10,
  title = {Caffe {CIFAR-10} Tutorial},
  howpublished = {\url{http://caffe.berkeleyvision.org/gathered/examples/cifar10.html}},
}


@inproceedings{rastegari2016xnor,
  title={Xnor-net: Imagenet classification using binary convolutional neural networks},
  author={Rastegari, Mohammad and Ordonez, Vicente and Redmon, Joseph and Farhadi, Ali},
  booktitle={ECCV},
  year={2016},
}


@article{bubeck2015convex,
  title={Convex optimization: Algorithms and complexity},
  author={Bubeck, S{\'e}bastien},
  journal={Foundations and Trends{\textregistered} in Machine Learning},
  year={2015},
  publisher={Now Publishers, Inc.}
}

@article{zhou2016dorefa,
  title={DoReFa-Net: Training low bitwidth convolutional neural networks with low bitwidth gradients},
  author={Zhou, Shuchang and Wu, Yuxin and Ni, Zekun and Zhou, Xinyu and Wen, He and Zou, Yuheng},
  journal={arXiv:1606.06160},
  year={2016}
}

@inproceedings{1BitSGD,
author = {Seide, Frank and Fu, Hao and Droppo, Jasha and Li, Gang and Yu, Dong},
title = {1-Bit Stochastic Gradient Descent and Application to Data-Parallel Distributed Training of Speech DNNs},
booktitle = {Interspeech 2014},
year = {2014},
month = {September},
publisher = {},
address = {},
pages = {},
journal = {},
volume = {},
chapter = {},
isbn = {},
}

@inproceedings{courbariaux2015binaryconnect,
  title={Binaryconnect: Training deep neural networks with binary weights during propagations},
  author={Courbariaux, Matthieu and Bengio, Yoshua and David, Jean-Pierre},
  booktitle={Advances in Neural Information Processing Systems},
  pages={3123--3131},
  year={2015}
}

@article{frostig2016principal,
  title={Principal component projection without principal component analysis},
  author={Frostig, Roy and Musco, Cameron and Musco, Christopher and Sidford, Aaron},
  journal={arXiv:1602.06872},
  year={2016}
}

@article{vlcek2012chebyshev,
  title={Chebyshev polynomial approximation for activation sigmoid function},
  author={Vlcek, Miroslav},
  journal={Neural Network World},
  year={2012},
  publisher={Institute of Computer Science}
}

@article{allen2016faster,
  title={Faster Principal Component Regression via Optimal Polynomial Approximation to sgn (x)},
  author={Allen-Zhu, Zeyuan and Li, Yuanzhi},
  journal={arXiv:1608.04773},
  year={2016}
}


@inproceedings{soudry2014expectation,
  title={Expectation backpropagation: Parameter-free training of multilayer neural networks with continuous or discrete weights},
  author={Soudry, Daniel and Hubara, Itay and Meir, Ron},
  booktitle={Advances in Neural Information Processing Systems},
  pages={963--971},
  year={2014}
}

@article{gong2014compressing,
  title={Compressing deep convolutional networks using vector quantization},
  author={Gong, Yunchao and Liu, Liu and Yang, Ming and Bourdev, Lubomir},
  journal={arXiv:1412.6115},
  year={2014}
}

@article{kim2016bitwise,
  title={Bitwise neural networks},
  author={Kim, Minje and Smaragdis, Paris},
  journal={arXiv:1601.06071},
  year={2016}
}

@article{miyashita2016convolutional,
  title={Convolutional neural networks using logarithmic data representation},
  author={Miyashita, Daisuke and Lee, Edward H and Murmann, Boris},
  journal={arXiv:1603.01025},
  year={2016}
}

@article{hubara2016quantized,
  title={Quantized neural networks: Training neural networks with low precision weights and activations},
  author={Hubara, Itay and Courbariaux, Matthieu and Soudry, Daniel and El-Yaniv, Ran and Bengio, Yoshua},
  journal={arXiv:1609.07061},
  year={2016}
}

@article{courbariaux2014training,
  title={Training deep neural networks with low precision multiplications},
  author={Courbariaux, Matthieu and Bengio, Yoshua and David, Jean-Pierre},
  journal={arXiv:1412.7024},
  year={2014}
}

@inproceedings{wu2016quantized,
  title={Quantized convolutional neural networks for mobile devices},
  author={Wu, Jiaxiang and Leng, Cong and Wang, Yuhang and Hu, Qinghao and Cheng, Jian},
  booktitle={CVPR},
  year={2016}
}


@article{courbariaux2016binarized,
  title={Binarized neural networks: Training deep neural networks with weights and activations constrained to+ 1 or-1},
  author={Courbariaux, Matthieu and Hubara, Itay and Soudry, Daniel and El-Yaniv, Ran and Bengio, Yoshua},
  journal={arXiv:1602.02830},
  year={2016}
}


@article{shin2016quantized,
  title={Quantized neural network design under weight capacity constraint},
  author={Shin, Sungho and Hwang, Kyuyeon and Sung, Wonyong},
  journal={arXiv:1611.06342},
  year={2016}
}

@inproceedings{Han:2016:ICLR,
  title={Deep compression: Compressing deep neural networks with pruning, trained quantization and huffman coding},
  author={Han, Song and Mao, Huizi and Dally, William J},
  booktitle={ICLR},
  year={2016}
}

@inproceedings{lin2016fixed,
  title={Fixed Point Quantization of Deep Convolutional Networks},
  author={Lin, Darryl and Talathi, Sachin and Annapureddy, Sreekanth},
  booktitle={ICML},
  year={2016}
}

@inproceedings{hwang2014fixed,
  title={Fixed-point feedforward deep neural network design using weights+ 1, 0, and- 1},
  author={Hwang, Kyuyeon and Sung, Wonyong},
  booktitle={Signal Processing Systems (SiPS), 2014 IEEE Workshop on},
  year={2014},
}

@article{bengio2013estimating,
  title={Estimating or propagating gradients through stochastic neurons for conditional computation},
  author={Bengio, Yoshua and L{\'e}onard, Nicholas and Courville, Aaron},
  journal={arXiv:1308.3432},
  year={2013}
}

@article{lin2015neural,
  title={Neural networks with few multiplications},
  author={Lin, Zhouhan and Courbariaux, Matthieu and Memisevic, Roland and Bengio, Yoshua},
  journal={arXiv:1510.03009},
  year={2015}
}

@article{muller2015rounding,
  title={Rounding methods for neural networks with low resolution synaptic weights},
  author={Muller, Lorenz K and Indiveri, Giacomo},
  journal={arXiv:1504.05767},
  year={2015}
}

@inproceedings{gupta2015deep,
  title={Deep Learning with Limited Numerical Precision},
  author={Gupta, Suyog and Agrawal, Ankur and Gopalakrishnan, Kailash and Narayanan, Pritish},
  booktitle={ICML},
  year={2015}
}


@article{ravanbakhsh2016efficient,
  title={Efficient Convolutional Neural Network with Binary Quantization Layer},
  author={Ravanbakhsh, Mahdyar and Mousavi, Hossein and Nabi, Moin and Marcenaro, Lucio and Regazzoni, Carlo},
  journal={arXiv:1611.06764},
  year={2016}
}

@article{wu2016binarized,
  title={Binarized Neural Networks on the ImageNet Classification Task},
  author={Wu, Xundong and Wu, Yong and Zhao, Yong},
  journal={arXiv:1604.03058},
  year={2016}
}

@article{ott2016recurrent,
  title={Recurrent neural networks with limited numerical precision},
  author={Ott, Joachim and Lin, Zhouhan and Zhang, Ying and Liu, Shih-Chii and Bengio, Yoshua},
  journal={arXiv:1608.06902},
  year={2016}
}

@article{li2016ternary,
  title={Ternary weight networks},
  author={Li, Fengfu and Zhang, Bo and Liu, Bin},
  journal={arXiv:1605.04711},
  year={2016}
}

@article{kim2015compression,
  title={Compression of deep convolutional neural networks for fast and low power mobile applications},
  author={Kim, Yong-Deok and Park, Eunhyeok and Yoo, Sungjoo and Choi, Taelim and Yang, Lu and Shin, Dongjun},
  journal={arXiv:1511.06530},
  year={2015}
}

@inproceedings{chen2015compressing,
  title={Compressing Neural Networks with the Hashing Trick},
  author={Chen, Wenlin and Wilson, James T and Tyree, Stephen and Weinberger, Kilian Q and Chen, Yixin},
  booktitle={ICML},
  pages={2285--2294},
  year={2015}
}

@inproceedings{anwar2015fixed,
  title={Fixed point optimization of deep convolutional neural networks for object recognition},
  author={Anwar, Sajid and Hwang, Kyuyeon and Sung, Wonyong},
  booktitle={Acoustics, Speech and Signal Processing (ICASSP), 2015 IEEE International Conference on},
  pages={1131--1135},
  year={2015},
  organization={IEEE}
}

@inproceedings{vanhoucke2011improving,
title = {Improving the speed of neural networks on CPUs},
author  = {Vincent Vanhoucke and Andrew Senior and Mark Z. Mao},
year  = 2011,
booktitle = {NIPS Workshop on Deep Learning and Unsupervised Feature Learning}
}

@inproceedings{acharya2015fast,
  title={Fast and near-optimal algorithms for approximating distributions by histograms},
  author={Acharya, Jayadev and Diakonikolas, Ilias and Hegde, Chinmay and Li, Jerry Zheng and Schmidt, Ludwig},
  booktitle={PODS},
  year={2015},
}

@article{zhang2016zipml,
  title={The ZipML Framework for Training Models with End-to-End Low Precision: The Cans, the Cannots, and a Little Bit of Deep Learning},
  author={Zhang, Hantian and Li, Jerry and Kara, Kaan and Alistarh, Dan and Liu, Ji and Zhang, Ce},
  journal={arXiv:1611.05402},
  year={2016}
}
@inproceedings{kara2017fpga,
  title={FPGA accelerated dense linear machine learning: A precision-convergence trade-off},
  author={Kara, Kaan and Alistarh, Dan and Zhang, Ce and Mutlu, Onur and Alonso, Gustavo},
  year={2017},
  booktitle={FCCM}
}

@inproceedings{ye2007svm,
  title={SVM versus Least Squares SVM.},
  author={Ye, Jieping and Xiong, Tao},
  booktitle={AISTATS},
  year={2007}
}

@inproceedings{DeSa:NIPS:2015,
title = {Taming the Wild: A Unified Analysis of Hogwild-Style Algorithms},
author = {De Sa, Christopher M and Zhang, Ce and Olukotun, Kunle and R\'{e}, Christopher},
booktitle = {NIPS},
year = {2015},
}


@article{Alistarh:2016:ArXiv,
  title="{QSGD: Randomized Quantization for Communication-Optimal Stochastic Gradient Descent}",
  author={Alistarh, Dan and Li, Jerry and Tomioka, Ryota and Vojnovic, Milan},
  journal={arXiv:1610.02132},
  year={2016}
}

@inproceedings{Frank:2014:Interspeech,
author = {Seide, Frank and Fu, Hao and Droppo, Jasha and Li, Gang and Yu, Dong},
title = {1-Bit Stochastic Gradient Descent and Application to Data-Parallel Distributed Training of Speech DNNs},
booktitle = {Interspeech},
year = {2014},
}

@inproceedings{Gopi:2013:ICML, 
    Title = {One-Bit Compressed Sensing: Provable Support and Vector Recovery}, 
    Booktitle = {ICML}, 
    Author = {Sivakant Gopi and Praneeth Netrapalli and Prateek Jain and Aditya Nori}, 
    Year = {2013}, 
}

@ARTICLE{Hall:2008:Book,
title = {Measurement Error in Nonlinear Models: A Modern Perspective (2nd ed.)},
author = {Hall, Daniel B.},
year = {2008},
journal = {Journal of the American Statistical Association},
}


@inproceedings{Kim:2011:ICASSP,
  title={Hardware acceleration of iterative image reconstruction for X-ray computed tomography},
  author={Kim, Jung Kuk and Zhang, Zhengya and Fessler, Jeffrey A},
  booktitle={ICASSP},
  year={2011},
}

@article{CC01a,
 author = {Chang, Chih-Chung and Lin, Chih-Jen},
 title = {{LIBSVM}: A library for support vector machines},
 journal = {ACM Transactions on Intelligent Systems and Technology},
 volume = {2},
 issue = {3},
 year = {2011},
 pages = {27:1--27:27},
 note =  {Software available at \url{http://www.csie.ntu.edu.tw/~cjlin/libsvm}}
}

@inproceedings{guyon2004result,
  title={Result Analysis of the NIPS 2003 Feature Selection Challenge.},
  author={Guyon, Isabelle and Gunn, Steve R and Ben-Hur, Asa and Dror, Gideon},
  booktitle={NIPS},
  volume={4},
  pages={545--552},
  year={2004}
}


@article{Suykens:1999:Book,
 author = {Suykens, J. A. K. and Vandewalle, J.},
 title = {Least Squares Support Vector Machine Classifiers},
 journal = {Neural Process. Lett.},
 issue_date = {June 1999},
 volume = {9},
 number = {3},
 month = jun,
 year = {1999},
 issn = {1370-4621},
 pages = {293--300},
 numpages = {8},
 url = {http://dx.doi.org/10.1023/A:1018628609742},
 doi = {10.1023/A:1018628609742},
 acmid = {326408},
 publisher = {Kluwer Academic Publishers},
 address = {Hingham, MA, USA},
 keywords = {classification, linear least squares, radial basis function kernel, support vector machines},
} 

@inproceedings{ADHLS15,
  title={Fast and near-optimal algorithms for approximating distributions by histograms},
  author={Acharya, Jayadev and Diakonikolas, Ilias and Hegde, Chinmay and Li, Jerry Zheng and Schmidt, Ludwig},
  booktitle={PODS},
  pages={249--263},
  year={2015},
  organization={ACM}
}

@inproceedings{ADLS17,
  title={Sample-optimal density estimation in nearly-linear time},
  author={Acharya, Jayadev and Diakonikolas, Ilias and Li, Jerry and Schmidt, Ludwig},
  booktitle={Proceedings of the Twenty-Eighth Annual ACM-SIAM Symposium on Discrete Algorithms},
  pages={1278--1289},
  year={2017},
  organization={SIAM}
}

%%% FPGA

@article{zhang2016zipml,
  title={{ZipML: An End-to-end Bitwise Framework for Dense Generalized Linear Models}},
  author={Zhang, Hantian and Kara, Kaan and Li, Jerry and Alistarh, Dan and others},
  journal={arXiv'16}
}

@inproceedings{de2015taming,
  title={{Taming the Wild: A Unified Analysis of Hogwild!-style Algorithms}},
  author={De Sa, Christopher M and Zhang, Ce and Olukotun, Kunle and R{\'e}, Christopher},
  booktitle={NIPS'15}
}

@article{alistarh2016qsgd,
  title={{QSGD: Randomized Quantization for Communication-Optimal Stochastic Gradient Descent}},
  author={Alistarh, Dan and Li, Jerry and Tomioka, Ryota and others},
  journal={arXiv'16}
}

@inproceedings{recht2011hogwild,
  title={{Hogwild!: A Lock-Free Approach to Parallelizing Stochastic Gradient Descent}},
  author={Recht, Benjamin and Re, Christopher and Wright, Stephen and Niu, Feng},
  booktitle={NIPS'11}
}

@incollection{bottou2010large,
  title={{Large-Scale Machine Learning with Stochastic Gradient Descent}},
  author={Bottou, L{\'e}on},
  booktitle={COMPSTAT'10}
}

@inproceedings{you2016asynchronous,
  title={{Asynchronous Parallel Greedy Coordinate Descent}},
  author={You, Yang and Lian, XiangRu and Liu, Ji and Yu, Hsiang-Fu and others},
  booktitle={NIPS'16}
}

@inproceedings{putnam2014reconfigurable,
  title={{A Reconfigurable Fabric for Accelerating Large-Scale Datacenter Services}},
  author={Putnam, Andrew and Caulfield, Adrian M and Chung, Eric S and others},
  booktitle={ISCA'14}
}

@article{stuecheli2015capi,
  title={{CAPI: A Coherent Accelerator Processor Interface}},
  author={Stuecheli, J and Blaner, Bart and Johns, CR and Siegel, MS},
  journal={IBM J RES DEV'15}
}

@inproceedings{mahajan2016tabla,
  title={{TABLA: A Unified Template-based Framework for Accelerating Statistical Machine Learning}},
  author={Mahajan, Divya and Park, Jongse and Amaro, Emmanuel and others},
  booktitle={HPCA'16}
}

@inproceedings{esmaeilzadeh2012neural,
  title={{Neural Acceleration for General-Purpose Approximate Programs}},
  author={Esmaeilzadeh, Hadi and Sampson, Adrian and Ceze, Luis and Burger, Doug},
  booktitle={MICRO'12}
}

@inproceedings{lopes2010fused,
  title={{A Fused Hybrid Floating-Point and Fixed-Point Dot-Product for FPGAs}},
  author={Lopes, Antonio Roldao and Constantinides, George A},
  booktitle={ARC'10}
}

@inproceedings{chen2014diannao,
  title={{DianNao: A Small-Footprint High-Throughput Accelerator for Ubiquitous Machine-Learning}},
  author={Chen, Tianshi and Du, Zidong and Sun, Ninghui and Wang, Jia and others},
  booktitle={SIGPLAN'14}
}

@inproceedings{moreau2015snnap,
  title={{SNNAP: Approximate Computing on Programmable SoCs via Neural Acceleration}},
  author={Moreau, Thierry and Wyse, Mark and Nelson, Jacob and Sampson, Adrian and others},
  booktitle={HPCA'15}
}

@inproceedings{kesler2011hardware,
  title={{A Hardware Acceleration Technique for Gradient Descent and Conjugate Gradient}},
  author={Kesler, David and Deka, Biplab and Kumar, Rakesh},
  booktitle={SASP'11}
}

@inproceedings{papadonikolakis2010heterogeneous,
  title={{A Heterogeneous FPGA Architecture for Support Vector Machine Training}},
  author={Papadonikolakis, Markos and Bouganis, Christos-Savvas},
  booktitle={FCCM'10}
}

@article{roldao2010high,
  title={{A High Throughput FPGA-based Floating Point Conjugate Gradient Implementation for Dense Matrices}},
  author={Roldao, Antonio and others},
  journal={TRETS'10}
}

@inproceedings{cadambi2009massively,
  title={{A Massively Parallel FPGA-Based Coprocessor for Support Vector Machines}},
  author={Cadambi, Srihari and Durdanovic, Igor and Jakkula, Venkata and others},
  booktitle={FCCM'09}
}

@article{majumdar2011energy,
  title={{An Energy-Efficient Heterogeneous System for Embedded Learning and Classification}},
  author={Majumdar, Abhinandan and Cadambi, Srihari and Chakradhar, Srimat T},
  journal={ESL'11}
}

@inproceedings{royer2011area,
  title={{Area-Efficient Linear Regression Architecture for Real-Time Signal Processing on FPGAs}},
  author={Royer, P and S{\'a}nchez, M and L{\'o}pez-Vallejo, M and L{\'o}pez, CA},
  booktitle={DCIS'11}
}

@article{lesser2011effects,
  title={{Effects of Reduced Precision on Floating-Point SVM Classification Accuracy}},
  author={Lesser, Bernd and M{\"u}cke, Manfred and Gansterer, Wilfried N},
  journal={Proc. Comp. Sc.'11}
}

@article{kyrkou2016embedded,
  title={{Embedded Hardware-Efficient Real-Time Classification with Cascade Support Vector Machines}},
  author={Kyrkou, Christos and others},
  journal={NNLS'16}
}

@article{lei2013fpga,
  title={{FPGA Implementation of an exact dot product and its application in variable-precision floating-point arithmetic}},
  author={Lei, Yuanwu and Dou, Yong and Dong, Yazhuo and Zhou, Jie and Xia, Fei},
  journal={JoS'13}
}

@inproceedings{antonik2015fpga,
  title={{FPGA Implementation of Reservoir Computing with Online Learning}},
  author={Antonik, Piotr and Smerieri, Anteo and Duport, Fran{\c{c}}ois and Haelterman, Marc and Massar, Serge},
  booktitle={Benelearn'15}
}

@article{mahmoodi2011fpga,
  title={{FPGA Simulation of Linear and Nonlinear Support Vector Machine}},
  author={Mahmoodi, Davood and Soleimani, Ali and Khosravi, Hossein and Taghizadeh, Mehdi and others},
  journal={JSEA'11}
}

@inproceedings{bahoura2011fpga,
  title={{FPGA-Implementation of High-Speed MLP Neural Network}},
  author={Bahoura, Mohammed and Park, Chan-Wang},
  booktitle={ICECS'11}
}

@inproceedings{liu2014hardware,
  title={{Hardware Acceleration with Pipelined Adder for Support Vector Machine Classifier}},
  author={Liu, Chang and Qiao, Fei and Yang, Xinghua and Yang, Huazhong},
  booktitle={DICTAP'14}
}

@inproceedings{perez2014multilayer,
  title={{Multilayer Perceptron Network with Integrated Training Algorithm in FPGA}},
  author={P{\'e}rez-Garc{\'\i}a, AN and others},
  booktitle={CCE'14}
}

@inproceedings{bin2016fpgasvm,
  title={{FPGASVM: A Framework for Accelerating Kernelized Support Vector Machine}},
  author={Bin Rabieah, Mudhar and Bouganis, Christos-Savvas},
  booktitle={BigMine'16}
}

@inproceedings{chen2014dadiannao,
  title={{DaDianNao: A Machine-Learning Supercomputer}},
  author={Chen, Yunji and Luo, Tao and Liu, Shaoli and Zhang, Shijin and others},
  booktitle={MICRO'14}
}

@article{majumdar2012massively,
  title={{A Massively Parallel, Energy Efficient Programmable Accelerator for Learning and Classification}},
  author={Majumdar, Abhinandan and Cadambi, Srihari and Becchi, Michela and Chakradhar, Srimat T and Graf, Hans Peter},
  journal={TACO'12}
}

@inproceedings{mucke2010peak,
  title={{Peak Performance Model for a Custom Precision Floating-Point Dot Product on FPGAs}},
  author={M{\"u}cke, Manfred and others},
  booktitle={Euro-Par'10}
}

@inproceedings{kim2011hardware,
  title={{Hardware Acceleration of Iterative Image Reconstruction for X-ray Computed Tomography}},
  author={Kim, Jung Kuk and others},
  booktitle={ICASSP'11}
}

@article{farabet2011large,
  title={{Large-scale FPGA-based Convolutional Networks}},
  author={Farabet, Cl{\'e}ment and LeCun, Yann and Kavukcuoglu, Koray and Culurciello, Eugenio and others},
  journal={Scaling up Machine Learning: Parallel and Distributed Approaches},
  year={2011}
}

@article{gupta2015deep,
  title={{Deep Learning with Limited Numerical Precision}},
  author={Gupta, Suyog and Agrawal, Ankur and Gopalakrishnan, Kailash and Narayanan, Pritish},
  journal={CoRR'15}
}

@inproceedings{vesper2016jetstream,
  title={{JetStream: An Open-Source High-Performance PCI express 3 Streaming Library for FPGA-to-host and FPGA-to-FPGA Communication}},
  author={Vesper, Malte and Koch, Dirk and Vipin, Kizheppatt and Fahmy, Suhaib A},
  booktitle={FPL'16}
}

@inproceedings{oliver2011reconfigurable,
  title={{A Reconfigurable Computing System Based on a Cache-Coherent Fabric}},
  author={Oliver, Neal and Sharma, Rahul R and Chang, Stephen and Chitlur, Bhushan and others},
  booktitle={ReConFig'11}
}

@article{courbariaux2014training,
  title={{Training Deep Neural Networks with Low Precision Multiplications}},
  author={Courbariaux, Matthieu and David, Jean-Pierre and Bengio, Yoshua},
  journal={arXiv'14}
}

@inproceedings{kumm2014pipelined,
  title={{Pipelined Compressor Tree Optimization Using Integer Linear Programming}},
  author={Kumm, Martin and Zipf, Peter},
  booktitle={FPL'14}
}
